% This file was created with JabRef 2.10.
% Encoding: UTF-8


@Article{budrus2013tennis,
  Title                    = {In tennis, do smashes win matches?},
  Author                   = {Sarah Budrus and Susan VanderPlas and Dianne Cook},
  Journal                  = {Significance},
  Year                     = {2013},
  Number                   = {3},
  Pages                    = {35--38},
  Volume                   = {10},

  Keywords                 = {genlit}
}

@Misc{animintpaper,
  Title                    = {Animint: a Grammar for Interactive Animations},

  Author                   = {Toby Dylan Hocking and Carson Sievert and Susan VanderPlas},
  HowPublished             = {\href{https://raw.githubusercontent.com/tdhock/animint-paper/master/HOCKING-animint.pdf}{Working Draft}},

  Owner                    = {susan},
  Timestamp                = {2014.11.16},
  Url                      = {https://raw.githubusercontent.com/tdhock/animint-paper/master/HOCKING-animint.pdf}
}

@Misc{animintmanual,
  Title                    = {animint: Interactive animations},

  Author                   = {Toby Dylan Hocking and Susan VanderPlas and Carson Sievert},

  Url                      = {https://github.com/tdhock/animint}
}

@Article{hull2009near,
  Title                    = {Near-infrared spectroscopy and cortical responses to speech production},
  Author                   = {Rachel Hull and Heather Bortfeld and Susan Koons},
  Journal                  = {The open neuroimaging journal},
  Year                     = {2009},
  Pages                    = {26},
  Volume                   = {3},

  Keywords                 = {pr},
  Publisher                = {Bentham Science Publishers}
}

@Article{towfic2010detection,
  Title                    = {Detection of gene orthology from gene co-expression and protein interaction networks},
  Author                   = {Fadi Towfic and Susan VanderPlas and Casey A Oliver and Oliver Couture and Christopher K Tuggle and M Heather West Greenlee and Vasant Honavar},
  Journal                  = {BMC bioinformatics},
  Year                     = {2010},
  Number                   = {Suppl 3},
  Pages                    = {S7},
  Volume                   = {11},

  Keywords                 = {pr},
  Publisher                = {BioMed Central Ltd}
}

@Unpublished{jsm2016,
  Title                    = {{C}lusters beat {T}rend!? {T}esting feature hierarchy in statistical graphics},
  Author                   = {Susan VanderPlas},
  Note                     = {Presentation at JSM},

  Month                    = {August},
  Year                     = {2016},

  Keywords                 = {presentation},
  Owner                    = {susan},
  Timestamp                = {2015.08.10},
  Url                      = {https://srvanderplas.github.io/Presentations/JSM2016/HierarchyOfVisualFeatures.html#/}
}

@Unpublished{jsm2015,
  Title                    = {Animint: Interactive Web-Based Animations Using Ggplot2's Grammar of Graphics},
  Author                   = {Susan VanderPlas},
  Note                     = {Presentation at JSM},

  Month                    = {August},
  Year                     = {2015},

  Keywords                 = {presentation},
  Owner                    = {susan},
  Timestamp                = {2015.08.10},
  Url                      = {https://srvanderplas.github.io/Presentations/JSM2015/Animint.html#/}
}

@Unpublished{gprug2014,
  Title                    = {{A}nimint: Animated, Interactive, Web-ready graphics with {R}},
  Author                   = {Susan VanderPlas},
  Note                     = {Presentation at Great Plains R Users Group (Joint work with Toby Hocking)},

  Month                    = {May},
  Year                     = {2014},

  Keywords                 = {presentation},
  Owner                    = {susan},
  Timestamp                = {2014.08.26},
  Url                      = {https://srvanderplas.github.io/Presentations/RUserGroups%20-%20Animint/animint.html#/}
}

@Unpublished{jsm2014,
  Title                    = {The curse of three dimensions: Why your brain is lying to you},
  Author                   = {Susan VanderPlas},
  Note                     = {Presentation at JSM (Computing \& Graphics Student Paper Competition)},

  Month                    = {August},
  Year                     = {2014},

  Keywords                 = {presentation},
  Owner                    = {susan},
  Timestamp                = {2014.08.26},
  Url                      = {https://srvanderplas.github.io/Presentations/JSM2014/WhyYourBrainIsLyingToYou/JSM2014.html#/}
}

@Unpublished{jsm2014userpanel,
  Title                    = {Do {Y}ou {S}ee {W}hat {I} {S}ee? Using {S}hiny for {U}ser {T}esting},
  Author                   = {Susan VanderPlas},
  Note                     = {Panel on Formal Usability Testing and Statistical Graphics at JSM},

  Month                    = {August},
  Year                     = {2014},

  Keywords                 = {presentation},
  Owner                    = {susan},
  Timestamp                = {2014.08.26},
  Url                      = {https://srvanderplas.github.io/Presentations/JSM2014/UserTesting/UserTesting.html#/}
}

@Article{featurehierarchyjcgs,
  Title                    = {{C}lusters beat {T}rend!? {T}esting feature hierarchy in statistical graphics},
  Author                   = {Susan VanderPlas and Heike Hofmann},
  Journal                  = {Journal of Computational and Graphical Statistics},
  Year                     = {2016},

  Keywords                 = {pr},
  Owner                    = {susan},
  Timestamp                = {2014.08.26}
}

@Article{visualaptitude,
  Title                    = {Spatial Reasoning and Data Displays},
  Author                   = {Susan VanderPlas and Heike Hofmann},
  Journal                  = {IEEE Transactions on Visualization and Computer Graphics},
  Year                     = {2016},

  Keywords                 = {pr}
}

@Article{sineillusionjcgs,
  Title                    = {Signs of the Sine Illusion - why we need to care},
  Author                   = {Susan VanderPlas and Heike Hofmann},
  Journal                  = {Journal of Computational and Graphical Statistics},
  Year                     = {2014},

  Doi                      = {10.1080/10618600.2014.951547},
  Keywords                 = {pr},
  Owner                    = {susan},
  Timestamp                = {2014.08.26}
}

@Unpublished{jsm2013,
  Title                    = {Signs of the Sine Illusion -- why we need to care},
  Author                   = {Susan VanderPlas and Heike Hofmann},
  Note                     = {Presentation at JSM},

  Month                    = {August},
  Year                     = {2013},

  Keywords                 = {presentation},
  Owner                    = {susan},
  Timestamp                = {2014.08.26}
}

