% This file was created with JabRef 2.10b2.
% Encoding: UTF-8


@Article{budrus2013tennis,
  Title                    = {In tennis, do smashes win matches?},
  Author                   = {Sarah Budrus and Susan VanderPlas and Dianne Cook},
  Journal                  = {Significance},
  Year                     = {2013},
  Number                   = {3},
  Pages                    = {35--38},
  Volume                   = {10},

  Publisher                = {Wiley Online Library}
}

@Article{visualaptitude,
  Title                    = {Spatial Reasoning and Data Displays},
  Author                   = {Susan VanderPlas and Heike Hofmann},
  Journal                  = {IEEE Transactions on Visualization and Computer Graphics},
  Year                     = {2016}
}

@Electronic{animintpaper,
  Title                    = {Animint: a Grammar for Interactive Animations},
  Author                   = {Toby Dylan Hocking and Carson Sievert and Susan VanderPlas},
  HowPublished             = {\href{https://raw.githubusercontent.com/tdhock/animint-paper/master/HOCKING-animint.pdf}{Working Draft}},
  Url                      = {https://raw.githubusercontent.com/tdhock/animint-paper/master/HOCKING-animint.pdf},

  Owner                    = {susan},
  Timestamp                = {2014.11.16}
}

@Manual{animintmanual,
  Title                    = {animint: Interactive animations},
  Author                   = {Toby Dylan Hocking and Susan VanderPlas and Carson Sievert},

  Url                      = {https://github.com/tdhock/animint}
}

@Article{hull2009near,
  Title                    = {Near-infrared spectroscopy and cortical responses to speech production},
  Author                   = {Rachel Hull and Heather Bortfeld and Susan Koons},
  Journal                  = {The open neuroimaging journal},
  Year                     = {2009},
  Pages                    = {26},
  Volume                   = {3},

  Publisher                = {Bentham Science Publishers}
}

@Article{towfic2010detection,
  Title                    = {Detection of gene orthology from gene co-expression and protein interaction networks},
  Author                   = {Fadi Towfic and Susan VanderPlas and Casey A Oliver and Oliver Couture and Christopher K Tuggle and M Heather West Greenlee and Vasant Honavar},
  Journal                  = {BMC bioinformatics},
  Year                     = {2010},
  Number                   = {Suppl 3},
  Pages                    = {S7},
  Volume                   = {11},

  Publisher                = {BioMed Central Ltd}
}

@Article{sineillusionjcgs,
  Title                    = {Signs of the Sine Illusion - why we need to care},
  Author                   = {Susan VanderPlas and Heike Hofmann},
  Journal                  = {Journal of Computational and Graphical Statistics},
  Year                     = {2014},

  Doi                      = {10.1080/10618600.2014.951547},
  Owner                    = {susan},
  Timestamp                = {2014.08.26}
}

