% This file was created with JabRef 2.10b2.
% Encoding: UTF-8


@Unpublished{gprug2014,
  Title                    = {{A}nimint: Animated, Interactive, Web-ready graphics with {R}},
  Author                   = {Susan VanderPlas},
  Note                     = {Presentation at Great Plains R Users Group (Joint work with Toby Hocking)},

  Month                    = {May},
  Year                     = {2014},

  Owner                    = {susan},
  Timestamp                = {2014.08.26},
  Url                      = {https://srvanderplas.github.io/Presentations/Animint/animint.html#/}
}

@Unpublished{jsm2014,
  Title                    = {The curse of three dimensions: Why your brain is lying to you},
  Author                   = {Susan VanderPlas},
  Note                     = {Presentation at JSM (Computing \& Graphics Student Paper Competition)},

  Month                    = {August},
  Year                     = {2014},

  Owner                    = {susan},
  Timestamp                = {2014.08.26},
  Url                      = {https://srvanderplas.github.io/Presentations/WhyYourBrainIsLyingToYou/JSM2014.html#/}
}

@Unpublished{jsm2014userpanel,
  Title                    = {Do {Y}ou {S}ee {W}hat {I} {S}ee? Using {S}hiny for {U}ser {T}esting},
  Author                   = {Susan VanderPlas},
  Note                     = {Panel on Formal Usability Testing and Statistical Graphics at JSM},

  Month                    = {August},
  Year                     = {2014},

  Owner                    = {susan},
  Timestamp                = {2014.08.26},
  Url                      = {https://srvanderplas.github.io/Presentations/UserTestingJSM2014/UserTesting.html#/}
}

@Unpublished{jsm2013,
  Title                    = {Signs of the Sine Illusion -- why we need to care},
  Author                   = {Susan VanderPlas and Heike Hofmann},
  Note                     = {Presentation at JSM},

  Month                    = {August},
  Year                     = {2013},

  Owner                    = {susan},
  Timestamp                = {2014.08.26}
}

