%% LaTeX2e file `publications.bib'
%% generated by the `filecontents' environment
%% from source `SusanVanderplas-CV-2017' on 2017/08/24.
%%
@Article{featurehierarchyjcgs,
  Title                    = {{C}lusters beat {T}rend!? {T}esting feature hierarchy in statistical graphics},
  Author                   = {Susan VanderPlas and Heike Hofmann},
  Journal                  = {Journal of Computational and Graphical Statistics},
  year                     = {2016},
  month                    = {07},
  pages                    = {},
  volume                   = {26},
  Timestamp                = {2014.08.26}
}
@Article{rutter2017ggenealogy,
  Title                    = {ggeanealogy: An {R} Package for Visualizing Genealogical Data},
  Author                   = {Lindsay Rutter and Susan VanderPlas and Dianne Cook and Michelle Graham},
  Journal                  = {Journal of Statistical Software},
  Year                     = {2017},
  Url                      = {https://github.com/lrutter/ggenealogyPaper},
  Keywords                 = {genlit}
}
@Article{visualaptitude,
  Title                    = {Spatial Reasoning and Data Displays},
  Author                   = {Susan VanderPlas and Heike Hofmann},
  Journal                  = {IEEE Transactions on Visualization and Computer Graphics},
  Year                     = {2016}
}

@Article{hull2009near,
  Title                    = {Near-infrared spectroscopy and cortical responses to speech production},
  Author                   = {Rachel Hull and Heather Bortfeld and Susan Koons},
  Journal                  = {The open neuroimaging journal},
  Year                     = {2009},
  Pages                    = {26},
  Volume                   = {3},

  Publisher                = {Bentham Science Publishers}
}
@Article{towfic2010detection,
  Title                    = {Detection of gene orthology from gene co-expression and protein interaction networks},
  Author                   = {Fadi Towfic and Susan VanderPlas and Casey A Oliver and Oliver Couture and Christopher K Tuggle and M Heather West Greenlee and Vasant Honavar},
  Journal                  = {BMC bioinformatics},
  Year                     = {2010},
  Number                   = {Suppl 3},
  Pages                    = {S7},
  Volume                   = {11},

  Publisher                = {BioMed Central Ltd}
}
@Article{sineillusionjcgs,
  Title                    = {Signs of the Sine Illusion - why we need to care},
  author                   = {Susan VanderPlas and Heike Hofmann},
  journal                  = {Journal of Computational and Graphical Statistics},
  volume = {24},
  number = {4},
  pages = {1170-1190},
  year = {2015},
  doi = {10.1080/10618600.2014.951547},
  URL = {http://dx.doi.org/10.1080/10618600.2014.951547},
  eprint = {http://dx.doi.org/10.1080/10618600.2014.951547}
}

