%% LaTeX2e file `SusanVanderplas-CV-2019_NIJ.bib'
%% generated by the `filecontents' environment
%% from source `SusanVanderplas-CV-2019_NIJ' on 2019/04/02.
%%
@article{machinelearningforensics2019,
author = {Carriquiry, Alicia and Hofmann, Heike and Tai, Xiao Hui and VanderPlas, Susan},
AUTHOR+an = {4=highlight},
title = {Machine learning in forensic applications},
journal = {Significance},
volume = {16},
number = {2},
pages = {29-35},
doi = {10.1111/j.1740-9713.2019.01252.x},
year = {2019},
keywords = {npr}
}
@article{framedjcgs,
 title = {Framed! {Reproducing} and {Revisiting} 150 year old charts},
 doi = {10.1080/10618600.2018.1562937},
 journal = {Journal of Computational and Graphical Statistics},
 author = {VanderPlas, Susan and Goluch, Ryan and Hofmann, Heike},
  AUTHOR+an = {1=highlight},
 year = {2019},
  addendum = {Programming and analysis (60\%), writing (50\%)},
 annote = {doi: 10.1080/10618600.2018.1562937},
 keywords = {pr}
}

@article{sievert2018extending,
  title={Extending ggplot2 for linked and animated web graphics},
  author={Sievert, Carson and VanderPlas, Susan and Cai, Jun and Ferris, Kevin and Khan, Faizan Uddin Fahad and Hocking, Toby Dylan},
    AUTHOR+an = {2=highlight},
  journal={Journal of Computational and Graphical Statistics},
  volume = {0},
number = {0},
pages = {1-10},
year  = {2018},
publisher = {Taylor & Francis},
doi = {10.1080/10618600.2018.1513367},
URL = {https://doi.org/10.1080/10618600.2018.1513367},
 keywords = {pr}
}
@Article{featurehierarchyjcgs,
  Title                    = {{C}lusters Beat {T}rend!? {T}esting Feature Hierarchy in Statistical Graphics},
  Author                   = {Susan Vanderplas and Heike Hofmann},
    AUTHOR+an = {1=highlight},
  Journal                  = {Journal of Computational and Graphical Statistics},
  Year                     = {2017},
  Number                   = {2},
  Pages                    = {231-242},
  Volume                   = {26},
  addendum = {Programming and analysis (90\%), writing (50\%)},
  Doi                      = {10.1080/10618600.2016.1209116},
  Url                      = { http://dx.doi.org/10.1080/10618600.2016.1209116},
 keywords = {pr}
}
@Article{rutter2017ggenealogy,
  Title                    = {{ggeanealogy: An R Package for Visualizing Genealogical Data}},
  Author                   = {Lindsay Rutter and Susan Vanderplas and Dianne Cook and Michelle Graham},
  AUTHOR+an = {2=highlight},
  Journal                  = {Journal of Statistical Software},
  Year                     = {2017},
  Url                      = {https://github.com/lrutter/ggenealogyPaper},
 keywords = {pr}
}
@article{donohoresponse,
  title={All of This Has Happened Before. {A}ll of This Will Happen Again: {D}ata {S}cience},
  author={Heike Hofmann and Susan Vanderplas},
  AUTHOR+an = {2=highlight},
  journal={Journal of Computational and Graphical Statistics},
  volume={26},
  number={4},
  pages={775--778},
  year={2017},
  addendum = {Writing (75\%)},
  publisher={Taylor \& Francis},
 keywords = {pr}
}
@Article{visualaptitude,
  Title                    = {Spatial Reasoning and Data Displays},
  Author                   = {Susan Vanderplas and Heike Hofmann},
  AUTHOR+an = {1=highlight},
  Journal                  = {IEEE Transactions on Visualization and Computer Graphics},
  addendum = {Programming and analysis (90\%), writing (75\%)},
  Year                     = {2016},
 keywords = {pr}
}
@Article{sineillusionjcgs,
  Title                    = {Signs of the Sine Illusion - why we need to care},
  author                   = {Susan Vanderplas and Heike Hofmann},
  AUTHOR+an = {1=highlight},
  journal                  = {Journal of Computational and Graphical Statistics},
  volume = {24},
  number = {4},
  pages = {1170-1190},
  year = {2015},
  addendum = {Programming and analysis (50\%), writing (60\%)},
  doi = {10.1080/10618600.2014.951547},
  URL = {http://dx.doi.org/10.1080/10618600.2014.951547},
 keywords = {pr}
}
@Article{towfic2010detection,
  Title                    = {Detection of gene orthology from gene co-expression and protein interaction networks},
  Author                   = {Fadi Towfic and Susan VanderPlas and Casey A Oliver and Oliver Couture and Christopher K Tuggle and M Heather West Greenlee and Vasant Honavar},
    AUTHOR+an = {2=highlight},
  Journal                  = {BMC bioinformatics},
  Year                     = {2010},
  Number                   = {Suppl 3},
  Pages                    = {S7},
  Volume                   = {11},
  Publisher                = {BioMed Central Ltd},
 keywords = {pr}
}
@Article{hull2009near,
  Title                    = {Near-infrared spectroscopy and cortical responses to speech production},
  Author                   = {Rachel Hull and Heather Bortfeld and Susan Koons},
  AUTHOR+an = {3=highlight},
  Journal                  = {The open neuroimaging journal},
  Year                     = {2009},
  Pages                    = {26},
  Volume                   = {3},
  Publisher                = {Bentham Science Publishers},
 keywords = {pr}
}
