%% LaTeX2e file `SusanVanderplas-CV-2018.bib'
%% generated by the `filecontents' environment
%% from source `SusanVanderplas-CV-2018' on 2018/11/07.
%%
@Article{framed,
  Title                    = {Framed! {R}eproducing 150 year old plots},
  Author                   = {Susan Vanderplas and Ryan Goluch and Heike Hofmann},
    AUTHOR+an = {1=highlight},
  Journal                  = {Journal of Computational and Graphical Statistics},
  addendum = {Programming and analysis (60\%), writing (50\%)},
  Year                     = {2018}
}
@article{sievert2018extending,
  title={Extending ggplot2 for linked and animated web graphics},
  author={Sievert, Carson and VanderPlas, Susan and Cai, Jun and Ferris, Kevin and Khan, Faizan Uddin Fahad and Hocking, Toby Dylan},
    AUTHOR+an = {2=highlight},
  journal={Journal of Computational and Graphical Statistics},
  number={just-accepted},
  year={2018},
  publisher={Taylor \& Francis}
}
@Article{featurehierarchyjcgs,
  Title                    = {{C}lusters Beat {T}rend!? {T}esting Feature Hierarchy in Statistical Graphics},
  Author                   = {Susan Vanderplas and Heike Hofmann},
    AUTHOR+an = {1=highlight},
  Journal                  = {Journal of Computational and Graphical Statistics},
  Year                     = {2017},
  Number                   = {2},
  Pages                    = {231-242},
  Volume                   = {26},
  addendum = {Programming and analysis (90\%), writing (50\%)},
  Doi                      = {10.1080/10618600.2016.1209116},
  Url                      = { http://dx.doi.org/10.1080/10618600.2016.1209116}
}
@Article{rutter2017ggenealogy,
  Title                    = {{ggeanealogy: An R Package for Visualizing Genealogical Data}},
  Author                   = {Lindsay Rutter and Susan Vanderplas and Dianne Cook and Michelle Graham},
  AUTHOR+an = {2=highlight},
  Journal                  = {Journal of Statistical Software},
  Year                     = {2017},
  Url                      = {https://github.com/lrutter/ggenealogyPaper}
}
@article{donohoresponse,
  title={All of This Has Happened Before. {A}ll of This Will Happen Again: {D}ata {S}cience},
  author={Heike Hofmann and Susan Vanderplas},
  AUTHOR+an = {2=highlight},
  journal={Journal of Computational and Graphical Statistics},
  volume={26},
  number={4},
  pages={775--778},
  year={2017},
  addendum = {Writing (75\%)},
  publisher={Taylor \& Francis}
}
@Article{visualaptitude,
  Title                    = {Spatial Reasoning and Data Displays},
  Author                   = {Susan Vanderplas and Heike Hofmann},
  AUTHOR+an = {1=highlight},
  Journal                  = {IEEE Transactions on Visualization and Computer Graphics},
  addendum = {Programming and analysis (90\%), writing (75\%)},
  Year                     = {2016}
}
@Article{sineillusionjcgs,
  Title                    = {Signs of the Sine Illusion - why we need to care},
  author                   = {Susan Vanderplas and Heike Hofmann},
  AUTHOR+an = {1=highlight},
  journal                  = {Journal of Computational and Graphical Statistics},
  volume = {24},
  number = {4},
  pages = {1170-1190},
  year = {2015},
  addendum = {Programming and analysis (50\%), writing (60\%)},
  doi = {10.1080/10618600.2014.951547},
  URL = {http://dx.doi.org/10.1080/10618600.2014.951547},
  eprint = {http://dx.doi.org/10.1080/10618600.2014.951547}
}

